<?xml version="1.0" encoding="UTF-8"?>
<record xmlns="http://www.loc.gov/MARC21/slim" xmlns:xsi="http://www.w3.org/2001/XMLSchema-instance" xsi:schemaLocation="http://www.loc.gov/MARC21/slim http://www.loc.gov/standards/marcxml/schema/MARC21slim.xsd">
<leader>     nam a2200325 a 4500</leader>
<controlfield tag="001">001592500</controlfield>
<controlfield tag="003">NNU</controlfield>
<controlfield tag="005">20061010170941.0</controlfield>
<controlfield tag="008">000224s1963    iq       b    001 0 ara d</controlfield>
<datafield tag="035" ind1="9" ind2=" ">
<subfield code="a">NYUb12105013</subfield>
</datafield>
<datafield tag="035" ind1=" " ind2=" ">
<subfield code="a">(CStRLIN)NYUG00-B669</subfield>
</datafield>
<datafield tag="040" ind1=" " ind2=" ">
<subfield code="a">NjP</subfield>
<subfield code="c">NjP</subfield>
<subfield code="d">MH</subfield>
<subfield code="d">CStRLIN</subfield>
<subfield code="d">NNU</subfield>
</datafield>
<datafield tag="050" ind1=" " ind2="4">
<subfield code="a">G93</subfield>
<subfield code="b">.A14 1840a</subfield>
</datafield>
<datafield tag="066" ind1=" " ind2=" ">
<subfield code="c">(3</subfield>
</datafield>
<datafield tag="090" ind1=" " ind2=" ">
<subfield code="a">G93</subfield>
<subfield code="b">.A14 1840a</subfield>
</datafield>
<datafield tag="100" ind1="0" ind2=" ">
<subfield code="6">880-01</subfield>
<subfield code="a">Abū al-Fidāʼ Ismāʻīl ibn ʻAlī,</subfield>
<subfield code="d">1273-1331.</subfield>
</datafield>
<datafield tag="240" ind1="1" ind2="0">
<subfield code="6">880-02</subfield>
<subfield code="a">Taqwīm al-buldān</subfield>
</datafield>
<datafield tag="245" ind1="1" ind2="0">
<subfield code="6">880-03</subfield>
<subfield code="a">Kitāb Taqwīm al-buldān /</subfield>
<subfield code="c">taʼlīf ʻImād al-Dīn Ismāʻīl ibn al-Malik al-Afḍal Nūr al-Dīn ʻAlī ibn Jamāl al-Dīn Maḥmūd ibn Muḥammad ibn ʻUmar ibn Shāhinshāh ibn Ayyūb Ṣāḥib Ḥamāh ; qad iʻtaná bi-taṣḥīḥihi wa-ṭabʻih Rīnūd wa-al-bārūn Māk Kūkīn Dīslān.</subfield>
</datafield>
<datafield tag="246" ind1="1" ind2="5">
<subfield code="a">Géographie d'Aboulféda</subfield>
</datafield>
<datafield tag="260" ind1=" " ind2=" ">
<subfield code="6">880-04</subfield>
<subfield code="a">Baghdād :</subfield>
<subfield code="b">yuṭlubu min Maktabat al-Muthanná wa-Muʼassasat al-Khānjī bi-Miṣr,</subfield>
<subfield code="c">[1963?]</subfield>
</datafield>
<datafield tag="300" ind1=" " ind2=" ">
<subfield code="a">539, xlvii p. ;</subfield>
<subfield code="c">29 cm.</subfield>
</datafield>
<datafield tag="500" ind1=" " ind2=" ">
<subfield code="a">Photo-reproduction. Originally published: Paris : Impr. royale, 1840.</subfield>
</datafield>
<datafield tag="504" ind1=" " ind2=" ">
<subfield code="a">Includes bibliographical references and index.</subfield>
</datafield>
<datafield tag="650" ind1=" " ind2="0">
<subfield code="a">Geography, Medieval</subfield>
<subfield code="v">Early works to 1800.</subfield>
</datafield>
<datafield tag="700" ind1="1" ind2=" ">
<subfield code="a">Reinaud, Joseph Toussaint,</subfield>
<subfield code="d">1795-1867.</subfield>
</datafield>
<datafield tag="700" ind1="1" ind2=" ">
<subfield code="a">Slane, William MacGuckin,</subfield>
<subfield code="c">baron de,</subfield>
<subfield code="d">1801-1878.</subfield>
</datafield>
<datafield tag="880" ind1="0" ind2=" ">
<subfield code="6">100-01/</subfield>
<subfield code="a">أبو الفداء اسمعيل بن علي.</subfield>
</datafield>
<datafield tag="880" ind1="1" ind2="0">
<subfield code="6">240-02/</subfield>
<subfield code="a">تقويم البلدان</subfield>
</datafield>
<datafield tag="880" ind1="1" ind2="0">
<subfield code="6">245-03/</subfield>
<subfield code="a">كتاب تقويم البلدان /</subfield>
<subfield code="c">تأليف عماد الدين اسمعيل بن الملك الافضل نور الدين علي بن جمال الدين محمود بن محمد بن عمر ابن شاهنشاه بن أيوب صاحب حماة ؛ قد اعتنى بتصحيحه وطبعه رينود والبارون ماك كوكين ديسلان.</subfield>
</datafield>
<datafield tag="880" ind1=" " ind2=" ">
<subfield code="6">260-04/</subfield>
<subfield code="a">بغداد :</subfield>
<subfield code="b">يطلب من مكتبة المثنى ومؤسسة الخانجي بمصر،</subfield>
<subfield code="c">[1963?]</subfield>
</datafield>
<datafield tag="OWN" ind1=" " ind2=" ">
<subfield code="a">GENERAL</subfield>
</datafield>
<datafield tag="998" ind1=" " ind2=" ">
<subfield code="a">20000224</subfield>
<subfield code="d">20000224</subfield>
<subfield code="d">20010714</subfield>
<subfield code="n">NNU</subfield>
<subfield code="s">1</subfield>
<subfield code="t">c</subfield>
<subfield code="z">p</subfield>
</datafield>
<datafield tag="AVA" ind1=" " ind2=" ">
<subfield code="a">NYU50</subfield>
<subfield code="b">BOBST</subfield>
<subfield code="c">Main Collection</subfield>
<subfield code="d">G93 .A14 1840a</subfield>
<subfield code="e">unavailable</subfield>
<subfield code="t">Unavailable</subfield>
<subfield code="f">1</subfield>
<subfield code="g">1</subfield>
<subfield code="h">N</subfield>
<subfield code="i">1</subfield>
<subfield code="j">MAIN</subfield>
<subfield code="k">0</subfield>
</datafield>
</record>
